%
% All references specify a web site address
% 
% Ref: 
%http://tex.stackexchange.com/questions/3587/how-can-i-use-bibtex-to-cite-a-web-page
%
@online{ViTraM,
	% author = {Hong Sun},
  	title = {ViTraM},
  	url = 
  	{http://homes.esat.kuleuven.be/~kmarchal/ViTraM/Index.html}
%%  	,urldate = {2010-09-30}
}
@online{COLOMBOS,
  	title = {COLOMBOS},
  	url = 
  	{http://bioi.biw.kuleuven.be/colombos}
}
@online{DISTILLER,
  	title = {DISTILLER},
  	url = 
  	{http://bioi.biw.kuleuven.be/DISTILLER}
}
@online{DISTILLER-sample,
  	title = {Sample files for Chapter \ref{ch:distiller}},
  	url = 
  	{http://homes.esat.kuleuven.be/~kmarchal/Supplementary_Information_Fu_2010/sample_files/}
}